@article{ltinterface,
  title={The LATEX3 Interfaces},
  author={LaTeX3 Project},
  url={https://www.ctan.org/pkg/l3kernel},
  pages={124},
  year={2022},
  month=feb,
}
